% This file was created with JabRef 2.4.1.
% Encoding: Cp1252

@ARTICLE{DWA1997,
author={Fox, D. and Burgard, W. and Thrun, S.},
journal={Robotics Automation Magazine, IEEE},
title={The dynamic window approach to collision avoidance},
year={1997},
month={Mar},
volume={4},
number={1},
pages={23-33},
keywords={mobile robots;position control;synchros;0.95 m/s;RHINO;collision avoidance;dynamic window approach;mobile robots;motion dynamics;synchro-drives;Acceleration;Collision avoidance;Humans;Mobile robots;Motion control;Motion planning;Orbital robotics;Robot control;Robot sensing systems;Robotics and automation},
doi={10.1109/100.580977},
ISSN={1070-9932},}

@inproceedings{DBLP:conf/icra/Marder-EppsteinBFGK10,
  author    = {Eitan Marder-Eppstein and
               Eric Berger and
               Tully Foote and
               Brian P. Gerkey and
               Kurt Konolige},
  title     = {The Office Marathon: Robust navigation in an indoor office
               environment},
  booktitle = {ICRA},
  year      = {2010},
  pages     = {300-307},
  ee        = {http://dx.doi.org/10.1109/ROBOT.2010.5509725},
  crossref  = {DBLP:conf/icra/2010},
  bibsource = {DBLP, http://dblp.uni-trier.de}
}

@proceedings{DBLP:conf/icra/2010,
  title     = {IEEE International Conference on Robotics and Automation,
               ICRA 2010, Anchorage, Alaska, USA, 3-7 May 2010},
  booktitle = {ICRA},
  publisher = {IEEE},
  year      = {2010},
  bibsource = {DBLP, http://dblp.uni-trier.de}
}

