% This file was created with JabRef 2.4.1.
% Encoding: Cp1252

@BOOK{LaValle2006,
  title = {Planning Algorithms},
  publisher = {Cambridge University Press},
  year = {2006},
  author = {S. M. LaValle},
  address = {Cambridge, U.K.},
  note = {Available at http://planning.cs.uiuc.edu/},
  isbn = {0521862051},
  owner = {Markus Bader},
  timestamp = {2014.03.11}
}

@article{kiva,
  title={Three engineers, hundreds of robots, one warehouse},
  author={Guizzo, Erico},
  journal={Spectrum, IEEE},
  volume={45},
  number={7},
  pages={26--34},
  year={2008},
  publisher={IEEE}
}

@ARTICLE{stanley,
  AUTHOR	= {S. Thrun and M. Montemerlo and H. Dahlkamp and D. Stavens and 
                   A. Aron and J. Diebel and P. Fong and J. Gale and M. 
                   Halpenny and G. Hoffmann and K. Lau and C. Oakley and 
                   M. Palatucci and V. Pratt and P. Stang  and S. Strohband 
                   and C. Dupont and L.-E. Jendrossek and C. Koelen and 
                   C. Markey and C. Rummel and J. van Niekerk and E. Jensen 
                   and P. Alessandrini and G. Bradski and B. Davies and 
                   S. Ettinger and A. Kaehler and A. Nefian and P. Mahoney},
  TITLE		= {Winning the DARPA Grand Challenge},
  JOURNAL	= {Journal of Field Robotics},
  YEAR		= {2006},
  NOTE          = {accepted for publication}
}

@inproceedings{conf/icra/SederP07,
  added-at = {2007-06-20T00:00:00.000+0200},
  author = {Seder, Marija and Petrovic, Ivan},
  biburl = {http://www.bibsonomy.org/bibtex/224d341635bf57fae78136b9bd307fa14/dblp},
  booktitle = {ICRA},
  crossref = {DBLP:conf/icra/2007},
  date = {2007-06-20},
  description = {dblp},
  ee = {http://dx.doi.org/10.1109/ROBOT.2007.363613},
  interhash = {3c39280ea5ff5f502abd44608a3592f5},
  intrahash = {24d341635bf57fae78136b9bd307fa14},
  keywords = {dblp},
  pages = {1986-1991},
  publisher = {IEEE},
  timestamp = {2007-06-20T00:00:00.000+0200},
  title = {Dynamic window based approach to mobile robot motion control in the presence of moving obstacles.},
  url = {http://dblp.uni-trier.de/db/conf/icra/icra2007.html#SederP07},
  year = 2007
}

@proceedings{DBLP:conf/icra/2007,
  title     = {2007 IEEE International Conference on Robotics and Automation,
               ICRA 2007, 10-14 April 2007, Roma, Italy},
  booktitle = {ICRA},
  publisher = {IEEE},
  year      = {2007},
  bibsource = {DBLP, http://dblp.uni-trier.de}
}

@article{feo1995grasp,
  title={Greedy randomized adaptive search procedures},
  author={Feo, Thomas A and Resende, Mauricio GC},
  journal={Journal of global optimization},
  volume={6},
  number={2},
  pages={109--133},
  year={1995},
  publisher={Springer}
}

@ARTICLE{Kirkpatrick83SimulatedAnnealing,
    author = {S. Kirkpatrick and C. D. Gelatt and M. P. Vecchi},
    title = {Optimization by simulated annealing},
    journal = {Science},
    year = {1983},
    volume = {220},
    pages = {671--680}
}


@book{glover1999tabu,
  title={Tabu search},
  author={Glover, Fred and Laguna, Manuel},
  year={1999},
  publisher={Springer}
}

@article{VNS,
  title={Variable neighbourhood search: methods and applications},
  author={Hansen, Pierre and Mladenovi{\'c}, Nenad and P{\'e}rez, Jos{\'e} A Moreno},
  journal={Annals of Operations Research},
  volume={175},
  number={1},
  pages={367--407},
  year={2010},
  publisher={Springer}
}

@article{lourencco2001iterated,
  title={Iterated local search},
  author={Louren{\c{c}}o, Helena R and Martin, Olivier C and Stutzle, Thomas},
  journal={arXiv preprint math/0102188},
  year={2001}
}

@INPROCEEDINGS{gerkey08planning,
    author={Brian P. Gerkey and Kurt Konolige},
    title={Planning and control in unstructured terrain},
    booktitle={In Workshop on Path Planning on Costmaps, Proceedings of the IEEE International Conference on Robotics and Automation (ICRA},
    year = {2008}
}

@inproceedings{kiss2012advanced,
  title={Advanced dynamic window based navigation approach using model predictive control},
  author={Kiss, Domokos and Tevesz, G{\'a}bor},
  booktitle={Methods and Models in Automation and Robotics (MMAR), 2012 17th International Conference on},
  pages={148--153},
  year={2012},
  organization={IEEE}
}

@ARTICLE{DWA1997,
author={Fox, D. and Burgard, W. and Thrun, S.},
journal={Robotics Automation Magazine, IEEE},
title={The dynamic window approach to collision avoidance},
year={1997},
month={Mar},
volume={4},
number={1},
pages={23-33},
keywords={mobile robots;position control;synchros;0.95 m/s;RHINO;collision avoidance;dynamic window approach;mobile robots;motion dynamics;synchro-drives;Acceleration;Collision avoidance;Humans;Mobile robots;Motion control;Motion planning;Orbital robotics;Robot control;Robot sensing systems;Robotics and automation},
doi={10.1109/100.580977},
ISSN={1070-9932},}

@article{DBLP:journals/tssc/HartNR68/Astar,
  author    = {Peter E. Hart and
               Nils J. Nilsson and
               Bertram Raphael},
  title     = {A Formal Basis for the Heuristic Determination of Minimum
               Cost Paths},
  journal   = {IEEE Trans. Systems Science and Cybernetics},
  volume    = {4},
  number    = {2},
  year      = {1968},
  pages     = {100-107},
  ee        = {http://dx.doi.org/10.1109/TSSC.1968.300136},
  bibsource = {DBLP, http://dblp.uni-trier.de}
}

@article{dijkstra1959note,
  title={A note on two problems in connexion with graphs},
  author={Dijkstra, Edsger W},
  journal={Numerische mathematik},
  volume={1},
  number={1},
  pages={269--271},
  year={1959},
  publisher={Springer}
}

@article{bresenham1965algorithm,
  title={Algorithm for computer control of a digital plotter},
  author={Bresenham, Jack E},
  journal={IBM Systems journal},
  volume={4},
  number={1},
  pages={25--30},
  year={1965},
  publisher={IBM Corp.}
}

@inproceedings{DBLP:conf/icra/Marder-EppsteinBFGK10,
  author    = {Eitan Marder-Eppstein and
               Eric Berger and
               Tully Foote and
               Brian P. Gerkey and
               Kurt Konolige},
  title     = {The Office Marathon: Robust navigation in an indoor office
               environment},
  booktitle = {ICRA},
  year      = {2010},
  pages     = {300-307},
  ee        = {http://dx.doi.org/10.1109/ROBOT.2010.5509725},
  crossref  = {DBLP:conf/icra/2010},
  bibsource = {DBLP, http://dblp.uni-trier.de}
}

@proceedings{DBLP:conf/icra/2010,
  title     = {IEEE International Conference on Robotics and Automation,
               ICRA 2010, Anchorage, Alaska, USA, 3-7 May 2010},
  booktitle = {ICRA},
  publisher = {IEEE},
  year      = {2010},
  bibsource = {DBLP, http://dblp.uni-trier.de}
}

@article{wolpert1997no,
  title={No free lunch theorems for optimization},
  author={Wolpert, David H and Macready, William G},
  journal={Evolutionary Computation, IEEE Transactions on},
  volume={1},
  number={1},
  pages={67--82},
  year={1997},
  publisher={IEEE}
}

@inproceedings{simmons1996curvature,
  title={The curvature-velocity method for local obstacle avoidance},
  author={Simmons, Reid},
  booktitle={Robotics and Automation, 1996. Proceedings., 1996 IEEE International Conference on},
  volume={4},
  pages={3375--3382},
  year={1996},
  organization={IEEE}
}

@article{blum2003metaheuristics,
  title={Metaheuristics in combinatorial optimization: Overview and conceptual comparison},
  author={Blum, Christian and Roli, Andrea},
  journal={ACM Computing Surveys (CSUR)},
  volume={35},
  number={3},
  pages={268--308},
  year={2003},
  publisher={ACM}
}


